@online{aniProyectos,
  title   = {Ferrocarriles - fichas de proyecto (ANISCOPIO)},
  author  = {{Agencia Nacional de Infraestructura}},
  year    = {2025},
  url     = {https://aniscopio.ani.gov.co/ferrocarriles-public/ficha-proyecto-drupal},
  urldate = {2025-03-01},
  langid  = {spanish}
}

@online{mintransporteSurcos2024,
  title   = {Proyecto de Decreto/Resolución: Asignación de surcos ferroviarios en la Red Férrea Nacional},
  author  = {{Ministerio de Transporte}},
  date    = {2024-05-15},
  url     = {https://mintransporte.gov.co/loader.php?lServicio=Tools2&lTipo=descargas&lFuncion=descargar&idFile=47723},
  urldate = {2025-06-06},
  langid  = {spanish}
}

@online{mintransporteDatosCarga,
  title   = {Transporte en Cifras},
  author  = {{Ministerio de Transporte}},
  year    = {2023},
  url     = {https://mintransporte.shinyapps.io/transporteencifrasapp/},
  urldate = {2025-06-06},
  langid  = {spanish}
}

@book{iabdDesafios,
  author  = {Champin, Juan and Cortés, Ricardo and Kohon, Jorge and Rodríguez, Marcelo},
  title   = {Desafíos del transporte ferroviario de carga en Colombia},
  date    = {2016-04},
  publisher = {Inter-American Development Bank},
  url     = {https://publications.iadb.org/publications/spanish/document/Desafíos-del-transporte-ferroviario-de-carga-en-Colombia.pdf},
  langid  = {spanish}
}

@online{mintransporteAPP2025,
  author  = {{Ministerio de Transporte}},
  title   = {Gobierno Nacional firma contrato de concesión de la primera APP férrea de Colombia en el corredor La Dorada–Chiriguaná},
  date    = {2025-05},
  url     = {https://mintransporte.gov.co/publicaciones/12015/gobierno-nacional-firma-contrato-de-concesion-de-la-primera-app-ferrea-de-colombia-en-el-corredor-la-dorada-chiriguana/},
  urldate = {2025-06-06},
  langid  = {spanish}
}

@online{bogotaRegiotram2025,
  author  = {{Alcaldía Mayor de Bogotá}},
  title   = {En abril inician las obras del corredor férreo de Regiotram de Occidente},
  year    = {2025},
  url     = {https://bogota.gov.co/mi-ciudad/movilidad/obras-del-regiotram-de-occidente-que-beneficia-bogota-inician-abril},
  urldate = {2025-06-06},
  langid  = {spanish}
}

@online{valoraTrenValle2024,
  author  = {{Valora Analitik}},
  title   = {Así es el megaproyecto del Tren de Cercanías del Valle},
  date    = {2024-10-23},
  url     = {https://www.valoraanalitik.com/megaproyecto-tren-de-cercanias-del-valle-asi-es/},
  urldate = {2025-06-06},
  langid  = {spanish}
}

@article{gblFrameworkExamining,
  author  = {Nadolny, L. and Valai, A. and Cherrez, N. J. and Elrick, D. and Lovett, A. and Nowatzke, M.},
  title   = {Examining the characteristics of game-based learning: A content analysis and design framework},
  journaltitle = {Computers \& Education},
  volume  = {156},
  year    = {2020},
  doi     = {10.1016/j.compedu.2020.103936}
}

@book{seriousGamesMechanisms,
  author  = {Ritterfeld, Ute and Cody, Michael and Vorderer, Peter},
  title   = {Serious Games: Mechanisms and Effects},
  year    = {2009},
  publisher = {Taylor \& Francis}
}

@online{railwayEmpire,
  author  = {{Gaming Minds Studios}},
  title   = {Railway Empire},
  year    = {2018},
  url     = {https://store.steampowered.com/app/503940/Railway_Empire/},
  urldate = {2025-06-06}
}

@online{railroadTycoon3,
  author  = {{PopTop Software}},
  title   = {Railroad Tycoon 3},
  year    = {2003},
  url     = {https://www.gog.com/en/game/railroad_tycoon_3},
  urldate = {2025-06-06}
}

@online{trainValley2,
  author  = {Davydov, Alexey and Dvoynikov, Sergey and Shargorodskiy, Timofey and Flazm},
  title   = {Train Valley 2},
  year    = {2019},
  url     = {https://store.steampowered.com/app/602320/Train_Valley_2/},
  urldate = {2025-06-06}
}

@thesis{tesisInterfacesHapticas,
  author  = {Arévalo Caicho, Luis F. and Urgiléz Zabala, M. A.},
  title   = {Análisis de usabilidad e interactividad en interfaces hápticas para sistemas 3D, aplicación a maqueta interactiva de transporte ESPOCH},
  type    = {Tesis de Grado},
  institution = {Escuela Superior Politécnica de Chimborazo},
  location = {Riobamba, Ecuador},
  year    = {2014},
  langid  = {spanish}
}

@online{ponencia337_2023,
  author  = {Caicedo Navas, D. F. and others},
  title   = {Informe de ponencia para segundo debate del Proyecto de Ley número 337 de 2023 Cámara...},
  journaltitle = {Gaceta del Congreso},
  date    = {2024-04-30},
  number  = {498},
  pages   = {1--51},
  langid  = {spanish}
}

@book{gblHandbook2019,
  author  = {Plass, Jan L. and Mayer, Richard E. and Homer, Bruce D.},
  title   = {Handbook of Game-Based Learning},
  year    = {2019},
  publisher = {MIT Press}
}

@report{gblBeneficios,
  author  = {Hogle, Jan G.},
  title   = {Considering Games as Cognitive Tools: In Search of Effective “Edutainment”},
  year    = {1996},
  institution = {University of Georgia}
}

@online{unrealSite,
  title   = {Unreal Engine},
  author  = {{Epic Games}},
  year    = {2025},
  url     = {https://www.unrealengine.com/es-ES},
  urldate = {2025-06-06}
}

@online{unitySite,
  title   = {Unity},
  author  = {{Unity Technologies}},
  year    = {2025},
  url     = {https://unity.com},
  urldate = {2025-06-06}
}

@online{unrealFeaturesNanite,
  title   = {Unreal Engine Features (Nanite, Virtual Shadow Maps)},
  author  = {{Epic Games}},
  year    = {2025},
  url     = {https://www.unrealengine.com/es-ES/features},
  urldate = {2025-06-06}
}

@online{mandalorianMeristation2022,
  title   = {Cómo Unreal Engine se usa en la industria del cine (The Mandalorian)},
  author  = {{Meristation}},
  date    = {2022-06-19},
  url     = {https://as.com/meristation/2022/06/19/reportajes/1655613468_465907.html},
  urldate = {2025-06-06},
  langid  = {spanish}
}

@online{vr3s,
  title   = {Virtual Reality Surgical Simulation Suite (VR3S)},
  author  = {{Unity Technologies}},
  date    = {2024-01-09},
  url     = {https://unity.com/resources/virtual-reality-surgical-simulation-suite},
  urldate = {2025-06-06}
}

@online{blenderSite,
  title   = {Blender},
  author  = {{Blender Foundation}},
  year    = {2025},
  url     = {https://www.blender.org},
  urldate = {2025-06-06}
}

@online{mayaSite,
  title   = {Autodesk Maya},
  author  = {{Autodesk}},
  year    = {2025},
  url     = {https://www.autodesk.com/mx/products/maya/overview},
  urldate = {2025-06-06}
}

@online{maxSite,
  title   = {Autodesk 3ds Max},
  author  = {{Autodesk}},
  year    = {2025},
  url     = {https://www.autodesk.com/latam/products/3ds-max/overview},
  urldate = {2025-06-06}
}

@online{unityCompany,
  title   = {Nuestra compañía},
  author  = {{Unity Technologies}},
  year    = {2025},
  url     = {https://unity.com/es/our-company},
  urldate = {2025-06-06},
  langid  = {spanish}
}

@online{unityPricing,
  title   = {Planes y precios de Unity},
  author  = {{Unity Technologies}},
  year    = {2025},
  url     = {https://unity.com/es/products},
  urldate = {2025-06-06},
  langid  = {spanish}
}

@online{blenderManual282,
  title   = {Manual de introducción de Blender (v2.82): Sobre Blender},
  author  = {{Blender}},
  date    = {2020-02-14},
  url     = {https://docs.blender.org/manual/es/2.82/getting_started/about/introduction.html},
  urldate = {2025-06-06},
  langid  = {spanish}
}

@online{blenderAbout,
  title   = {Acerca de Blender (licencia GPL)},
  author  = {{Blender Foundation}},
  year    = {2025},
  url     = {https://www.blender.org/about/},
  urldate = {2025-06-06}
}

@book{anderson2003,
  author  = {Anderson, David J.},
  title   = {Agile Management for Software Engineering: Applying the Theory of Constraints for Business Results},
  year    = {2003},
  publisher = {Prentice Hall Professional}
}

@book{cataldi1999,
  author  = {Cataldi, Z. and Lage, F. and Pessacq, R. and Garcia Martínez, R.},
  title   = {Ingeniería de Software Educativo},
  year    = {1999}
}

@book{pressman2001,
  author  = {Pressman, Roger S.},
  title   = {Ingeniería del Software: Un Enfoque Práctico},
  edition = {5a ed. adaptada},
  year    = {2001},
  publisher = {McGraw-Hill España},
  location = {Madrid}
}

@online{agileManifesto2001,
  author  = {Beck, Kent and others},
  title   = {Manifiesto por el Desarrollo Ágil de Software},
  year    = {2001},
  url     = {https://agilemanifesto.org/iso/es/manifesto.html},
  urldate = {2025-06-06},
  langid  = {spanish}
}

@online{ibmAcquiresRational2002,
  title   = {IBM Acquires Rational},
  author  = {{eWeek}},
  date    = {2002-12-06},
  url     = {https://www.eweek.com/pc-hardware/ibm-acquires-rational/},
  urldate = {2025-06-06}
}
